@article{glauber2006,
  title = {Nobel Lecture: One hundred years of light quanta},
  author = {Glauber, Roy J.},
  journal = {Rev. Mod. Phys.},
  volume = {78},
  issue = {4},
  pages = {1267--1278},
  numpages = {0},
  year = {2006},
  month = {Nov},
  publisher = {American Physical Society},
  doi = {10.1103/RevModPhys.78.1267},
  url = {http://link.aps.org/doi/10.1103/RevModPhys.78.1267}
}

@article{wentz2014,
  title = {Feasibility of observing Hanbury Brown and Twiss phase},
  journal = {Mon. Not. R. Astron. Soc.},
  year = {2014},
  author = {Wentz, Tina and Saha, Prasenjit}
}

@article{hbt1958,
  title = {Interferometry of the intensity fluctuations in light IV. A test of an intensity interferometer on Sirius A},
  author = {Hanbury Brown, R and Twiss, R. Q.},
  year = {1958},
  month = {Nov},
  journal = {Proceedings of the Royal Society of London. Series A, Mathematical and Physical Sciences},
  volume = {248},
  issue = {1253},
  pages = {222--237},
  publisher = {The Royal Society}
}